<record><leader>00000cas a22000007a 4500</leader><controlfield tag="001">12029012</controlfield><controlfield tag="008">850513d18691870nyuwr ne      0    0eng d</controlfield><datafield ind1=" " ind2=" " tag="010"><subfield code="a">sn 85054478 </subfield></datafield><datafield ind1=" " ind2=" " tag="040"><subfield code="a">NYG</subfield><subfield code="b">eng</subfield><subfield code="c">NYG</subfield><subfield code="d">NPI</subfield><subfield code="d">NYS</subfield><subfield code="d">OCLCQ</subfield><subfield code="d">OCLCF</subfield><subfield code="d">OCLCO</subfield></datafield><datafield ind1=" " ind2=" " tag="043"><subfield code="a">n-us-ny</subfield></datafield><datafield ind1="0" ind2="0" tag="245"><subfield code="a">Northern temperance journal.</subfield></datafield><datafield ind1="3" ind2="0" tag="246"><subfield code="a">Temperance journal</subfield></datafield><datafield ind1=" " ind2=" " tag="260"><subfield code="a">Adams, N.Y. :</subfield><subfield code="b">Pratt and De Long,</subfield><subfield code="c">1869-1870.</subfield></datafield><datafield ind1=" " ind2=" " tag="300"><subfield code="a">2 v.</subfield></datafield><datafield ind1=" " ind2=" " tag="310"><subfield code="a">Weekly</subfield></datafield><datafield ind1="0" ind2=" " tag="362"><subfield code="a">Vol. 1, no. 1 (Apr. 15, 1869)-v. 2, no. 27 (Oct. 13, 1870).</subfield></datafield><datafield ind1=" " ind2=" " tag="500"><subfield code="a">"Pledged in a noble cause, we here each other greet."</subfield></datafield><datafield ind1=" " ind2=" " tag="500"><subfield code="a">"Official organ of the independent order of good templars, for Jefferson County."</subfield></datafield><datafield ind1=" " ind2="0" tag="651"><subfield code="a">Adams (N.Y.)</subfield><subfield code="v">Newspapers.</subfield></datafield><datafield ind1=" " ind2="0" tag="651"><subfield code="a">Jefferson County (N.Y.)</subfield><subfield code="v">Newspapers.</subfield></datafield><datafield ind1=" " ind2="7" tag="655"><subfield code="a">Newspapers.</subfield><subfield code="2">fast</subfield><subfield code="0">(OCoLC)fst01423814</subfield></datafield><datafield ind1=" " ind2="7" tag="651"><subfield code="a">New York (State)</subfield><subfield code="z">Adams.</subfield><subfield code="2">fast</subfield><subfield code="0">(OCoLC)fst01229185</subfield></datafield><datafield ind1=" " ind2="7" tag="651"><subfield code="a">New York (State)</subfield><subfield code="z">Jefferson County.</subfield><subfield code="2">fast</subfield><subfield code="0">(OCoLC)fst01209430</subfield></datafield><datafield ind1=" " ind2=" " tag="752"><subfield code="a">United States</subfield><subfield code="b">New York</subfield><subfield code="c">Jefferson</subfield><subfield code="d">Adams.</subfield></datafield><datafield ind1="0" ind2="0" tag="780"><subfield code="t">Adams visitor</subfield><subfield code="w">(DLC)sn 85054477</subfield><subfield code="w">(OCoLC)12028484</subfield></datafield><datafield ind1="0" ind2="0" tag="785"><subfield code="t">Jefferson County journal (Adams, N.Y.)</subfield><subfield code="w">(DLC)sn 83030867</subfield><subfield code="w">(OCoLC)9695735</subfield></datafield></record>